@book{agilnirazvoj,
  title={{Agile Modeling: Effective Practices for eXtreme Programming and the Unified Process}},
  author={Scott W. Ambler},
  isbn={0471202827},
  url={http://www.amazon.com/Agile-Modeling-Effective-Practices-Programming/dp/0471202827/ref=sr_1_7?s=books&ie=UTF8&qid=1460637004&sr=1-7&keywords=scott%20ambler},
  year={2002},
  publisher={Wiley}
}

@book{fuzzing,
  title={{Fuzzing for Software Security Testing and Quality Assurance}},
  author={Ari Takanen, Jared D. Demott, Charles Miller},
  isbn={1596932147},
  url={http://www.amazon.com/Fuzzing-Software-Security-Assurance-Information/dp/1596932147},
  year={2008},
  publisher={Artech House}
}

@book{fuzzingBruteForce,
  title={{Fuzzing: Brute Force Vulnerability Discovery}},
  author={Michael Sutton, Adam Greene, Pedram Amini},
  isbn={0321446119},
  url={http://www.amazon.com/Fuzzing-Brute-Force-Vulnerability-Discovery/dp/0321446119},
  year={2007},
  publisher={Addison-Wesley Professional}
}

@book{tanenbaum,
  title={{Computer Networks}},
  author={Andrew S. Tanenbaum, David J. Wetherall},
  isbn={0132126958},
  url={http://www.amazon.com/Computer-Networks-5th-Andrew-Tanenbaum/dp/0132126958},
  year={2010},
  publisher={Pearson}
}
